@book{nesteruk2021,
    title     = "Design Patterns in Modern C++20",
    author    = "Dmitri Nesteruk",
    year      = 2021,
    publisher = "Apress Berkeley",
    address   = "Kalifornien"
}

@article{koesnaedi2022,
    author   = "Andy Koesnaedi and Wirawan Istiono",
    title    = "Implementation Drunkard’s Walk Algorithm to Generate Random Level in Roguelike Games",
    journal  = "International Journal of Multidisciplinary Research and Publications",
    year     = 2022,
    volume   = "5",
    number   = "2",
}

@article{andrian2023,
    author   = "Raul Andrian and Angga Aditya Permana and Adhi Kusnadi",
    title    = "Design Adventure Role Playing Game with procedural content generation using Perlin Noise algorithm",
    journal  = "Journal of Theoretical and Applied Information Technology",
    year     = 2023,
    volume   = "101",
    number   = "9",
}

@article{pearson1905,
    author   = "Karl Pearson",
    title    = "The Problem of the Random Walk",
    journal  = "Nature",
    year     = 1905,
    volume   = "72",
    number   = "1865",
}

@article{nosofsky1997,
    author  = "R. M. Nosofsky and T. J. Palmeri",
    title   = "An exemplar-based random walk model of speeded classification",
    journal = "Psychological Review",
    year    = 1997,
    volume  = "104",
    number  = "2"
}

@article{kodde1984,
    author  = "David A. Kodde and Hein Schreuder",
    title   = "Forecasting Corporate Revenue and Profit: Time-Series Models versus Management and Analysts",
    journal = "Journal of Business Finance and Accounting",
    year    = 1984,
    volume  = "11",
    number  = "3"
}

@article{weiss1982,
    author  = "George H. Weiss and Robert J. Rubin",
    title   = "Random Walks: Theory and Selected Applications",
    journal = "Advances in Chemical Physics",
    year    = 1982,
    volume  = "52"
}


